<?xml version="1.0" encoding="utf-8"?>
<record xmlns="http://www.loc.gov/MARC21/slim" xmlns:xsi="http://www.w3.org/2001/XMLSchema-instance" xsi:schemaLocation="http://www.loc.gov/MARC21/slim http://www.loc.gov/standards/marcxml/schema/MARC21slim.xsd">
	<leader>     nam a22        4500</leader>
	<controlfield tag="001">b12374416</controlfield>
	<controlfield tag="003">LeBAU</controlfield>
	<controlfield tag="006">m        d        </controlfield>
	<controlfield tag="007">cr cn |||m|||a</controlfield>
	<controlfield tag="008">171023s1910    le acf  o     ||0 0 ara d</controlfield>
	<datafield ind1=" " ind2=" " tag="040">
		<subfield code="a">NNU</subfield>
		<subfield code="b">ara</subfield>
		<subfield code="e">rda</subfield>
		<subfield code="c">NNU</subfield>
	</datafield>
	<datafield ind1=" " ind2="4" tag="050">
		<subfield code="a">PJ7814.L8</subfield>
		<subfield code="b">D8 1910</subfield>
	</datafield>
	<datafield ind1="0" ind2="4" tag="082">
		<subfield code="a">301.04</subfield>
		<subfield code="2">20</subfield>
	</datafield>
	<datafield ind1="1" ind2=" " tag="100">
		<subfield code="6">880-01</subfield>
		<subfield code="a">Alūf, Nadrah Niqūlā,</subfield>
		<subfield code="e">author.</subfield>
	</datafield>
	<datafield ind1="1" ind2="0" tag="245">
		<subfield code="6">880-02</subfield>
		<subfield code="a">Ḍaḥāyā al-basharīyah :</subfield>
		<subfield code="b">wa-huwa majmū‘at maqālāt ijtimā‘īyah intiqādīyah /</subfield>
		<subfield code="c">bi-qalam Nadrah Niqūlā Alūf ; muṣaddar bi-muqaddimah min khaṭ aktab kawātib hadhā al-‘aṣr al-Sayyidah Labībah Hāshim, ṣāḥibat Majallat Fatāt al-Sharq bi-Miṣr.</subfield>
	</datafield>
	<datafield ind1=" " ind2="1" tag="264">
		<subfield code="6">880-03</subfield>
		<subfield code="a">Zaḥlah, Lubnān :</subfield>
		<subfield code="b">al-Maṭba‘ah al-Sharqīyah,</subfield>
		<subfield code="c">1910.</subfield>
	</datafield>
	<datafield ind1=" " ind2=" " tag="300">
		<subfield code="6">880-04</subfield>
		<subfield code="a">online resource (112 pages) :</subfield>
		<subfield code="b">illustrations, portrait</subfield>
	</datafield>
	<datafield ind1=" " ind2=" " tag="336">
		<subfield code="a">text</subfield>
		<subfield code="2">rdacontent</subfield>
	</datafield>
	<datafield ind1=" " ind2=" " tag="337">
		<subfield code="a">computer</subfield>
		<subfield code="2">rdamedia</subfield>
	</datafield>
	<datafield ind1=" " ind2=" " tag="338">
		<subfield code="a">online resource</subfield>
		<subfield code="2">rdacarrier</subfield>
	</datafield>
	<datafield ind1=" " ind2=" " tag="500">
		<subfield code="a">Part of the Arabic Collections Online (ACO) project, contributed by American University of Beirut's Jafet Memorial Library.</subfield>
	</datafield>
	<datafield ind1=" " ind2=" " tag="533">
		<subfield code="a">Electronic reproduction.</subfield>
		<subfield code="b">New York, N.Y. :</subfield>
		<subfield code="c">New York University,</subfield>
		<subfield code="d">2017.</subfield>
		<subfield code="5">NNU</subfield>
	</datafield>
	<datafield ind1=" " ind2="0" tag="650">
		<subfield code="6">880-05</subfield>
		<subfield code="a">Women</subfield>
		<subfield code="x">Social conditions.</subfield>
	</datafield>
	<datafield ind1=" " ind2="0" tag="650">
		<subfield code="6">880-06</subfield>
		<subfield code="a">Social problems.</subfield>
	</datafield>
	<datafield ind1=" " ind2="0" tag="655">
		<subfield code="6">880-07</subfield>
		<subfield code="a">Essays.</subfield>
	</datafield>
	<datafield ind1="1" ind2=" " tag="700">
		<subfield code="6">880-08</subfield>
		<subfield code="a">Hāshim, Labībah,</subfield>
		<subfield code="d">1879 or 1880-1946 or 1947,</subfield>
		<subfield code="e">author of introduction.</subfield>
	</datafield>
	<datafield ind1="2" ind2=" " tag="710">
		<subfield code="a">Jafet Memorial Library.</subfield>
	</datafield>
	<datafield ind1="0" ind2=" " tag="730">
		<subfield code="a">Arabic Collections Online.</subfield>
	</datafield>
	<datafield ind1="0" ind2="8" tag="776">
		<subfield code="i">Print version:</subfield>
		<subfield code="a">Alūf, Nadrah Niqūlā, author.</subfield>
		<subfield code="t">Ḍaḥāyā al-basharīyah</subfield>
		<subfield code="w">(LeBAU)b12374416</subfield>
	</datafield>
	<datafield ind1="4" ind2="0" tag="856">
		<subfield code="u">http://hdl.handle.net/2333.1/nvx0kcqf</subfield>
	</datafield>
	<datafield ind1="1" ind2=" " tag="880">
		<subfield code="6">100-01/r</subfield>
		<subfield code="a">ألوف، ندره نقولا،‪‪‪‪‪‪‪</subfield>
		<subfield code="e">مؤلف.‪‪‪‪‪‪‪</subfield>
		<subfield code="4">aut.</subfield>
	</datafield>
	<datafield ind1="1" ind2="0" tag="880">
		<subfield code="6">245-02/r</subfield>
		<subfield code="a">ضحايا البشرية :‪‪‪‪‪‪‪</subfield>
		<subfield code="b">وهو مجموعة مقالات إجتماعية إنتقادية /‪‪‪‪‪‪‪</subfield>
		<subfield code="c">بقلم ندره نقولا ألوف ؛ مصدر بمقدمة من خط أكتب كواتب هذا العصر السيدة لبيبة هاشم صاحبة مجلة فتاة الشرق بمصر.‪‪‪‪‪‪‪</subfield>
	</datafield>
	<datafield ind1=" " ind2="1" tag="880">
		<subfield code="6">264-03/r</subfield>
		<subfield code="a">زحلة، لبنان :‪‪‪‪‪‪‪</subfield>
		<subfield code="b">المطبعة الشرقية،‪‪‪‪‪‪‪</subfield>
		<subfield code="c">1910.</subfield>
	</datafield>
	<datafield ind1=" " ind2=" " tag="880">
		<subfield code="6">300-04/r</subfield>
		<subfield code="a">112 صفحة :‪‪‪‪‪‪‪</subfield>
		<subfield code="b">مصورات، صورة شخصانية ؛‪‪‪‪‪‪‪</subfield>
		<subfield code="c">19 سم‪‪‪‪‪‪‪</subfield>
	</datafield>
	<datafield ind1="0" ind2="0" tag="880">
		<subfield code="6">505-00/r</subfield>
		<subfield code="t">ضحايا البشرية : وهو مجموعة مقالات إجتماعية إنتقادية:‪‪‪‪‪‪‪</subfield>
		<subfield code="t">ياسمين القروية --‪‪‪‪‪‪‪</subfield>
		<subfield code="t">الطفل اللقيط --‪‪‪‪‪‪‪</subfield>
		<subfield code="t">سوسن البائسة --‪‪‪‪‪‪‪</subfield>
		<subfield code="t">جرح عميق --‪‪‪‪‪‪‪</subfield>
		<subfield code="t">وردة الناسكة --‪‪‪‪‪‪‪</subfield>
		<subfield code="t">شهيدة الهيئة الإجتماعية --‪‪‪‪‪‪‪</subfield>
		<subfield code="t">الزنبقة الذابلة --‪‪‪‪‪‪‪</subfield>
		<subfield code="t">على فراش الإحتضار --‪‪‪‪‪‪‪</subfield>
		<subfield code="t">شهداء الأدب --‪‪‪‪‪‪‪</subfield>
		<subfield code="t">على الصخرة.‪‪‪‪‪‪‪</subfield>
	</datafield>
	<datafield ind1=" " ind2="4" tag="880">
		<subfield code="6">650-05/r</subfield>
		<subfield code="a">المرأة‪‪‪‪‪‪‪</subfield>
		<subfield code="x">الاحوال الاجتماعية.‪‪‪‪‪‪‪</subfield>
	</datafield>
	<datafield ind1=" " ind2="4" tag="880">
		<subfield code="6">650-06/r</subfield>
		<subfield code="a">المشاكل الإجتماعية.‪‪‪‪‪‪‪</subfield>
	</datafield>
	<datafield ind1=" " ind2="4" tag="880">
		<subfield code="6">655-07/r</subfield>
		<subfield code="a">مقالات.‪‪‪‪‪‪‪</subfield>
	</datafield>
	<datafield ind1="1" ind2=" " tag="880">
		<subfield code="6">700-08/r</subfield>
		<subfield code="a">هاشم، لبيبة،‪‪‪‪‪‪‪</subfield>
		<subfield code="d">1879 او 1880-1946 او 1947،‪‪‪‪‪‪‪</subfield>
		<subfield code="e">مؤلف مقدمة.‪‪‪‪‪‪‪</subfield>
		<subfield code="4">aui.</subfield>
	</datafield>
	<datafield ind1=" " ind2=" " tag="959">
		<subfield code="a">NNU</subfield>
		<subfield code="b">WEB</subfield>
		<subfield code="c">GENI</subfield>
		<subfield code="t">0</subfield>
		<subfield code="m">Electronic access</subfield>
		<subfield code="s">01</subfield>
	</datafield>
	<datafield ind1=" " ind2=" " tag="999">
		<subfield code="i">LeBAU_b12374416</subfield>
		<subfield code="s">aub_aco001233</subfield>
		<subfield code="e">(ERROR-MISC)</subfield>
		<subfield code="s">aub_aco001233</subfield>
	</datafield>
</record>
